@article{lawonn2014,
  author = {Kai Lawonn and Rocco Gasteiger and Cristian RÃ¶ssl and Bernhard Preim},
  title = {Adaptive and Robust Curve Smoothing on Surface Meshes},
  journal = {Computers \& Graphics},
  year = {2014},
  month = {January},
  volume = {40},
  pages = {22-35},
  publisher = {Elsevier},
  doi = {10.1016/j.cag.2014.01.004}
}
